%% This BibTeX bibliography file was created using BibDesk.
%% http://bibdesk.sourceforge.net/
% Encoding: UTF-8

@article{dh76,
    author = {W. Diffie and M. E. Hellman},
    title = {Multiuser Cryptographic Techniques},
    journal = {National Computer Conference},
    year = {1976},
    pages = {7--10},
    numpages = {3},
    address = {New York City, NY, USA}
}

@book{hac12,
    author = {A. Menezes and P. van Oorschot and S. Vanstone},
    title = {Handbook of Applied Cryptography},
    publisher = {CRC Press},
    year = {1997},
    pages = {515}
}

@article{shor,
    author = {Peter Shor},
    title = {Algorithms for quantum computation: discrete logarithms and factoring.},
    journal = {Proceedings 35th annual symposium on foundations of computer science},
    pages = {124-134},
    year = {1994}
}

@misc{shor-order,
    author = {Peter Shor},
    title = {Polynomial-Time Algorithms for Prime Factorization
and Discrete Logarithms on a Quantum Computer},
    pages = {15--16},
    year = {1996}
}

@misc{ibm,
    author = {IBM},
    year = {2022},
    title = {Shor's algorithm},
    url = {https://quantum-computing.ibm.com/composer/docs/iqx/guide/shors-algorithm},
    urldate = {2022-03-04}
}

@book{knuth,
    author = {Donald E Knuth},
    title = {Art of computer programming, volume 2: Seminumerical algorithms},
    year = {1998},
    publisher = {Addison-Wesley}
}

@misc{aes,
  author = {Morris Dworkin and Elaine Barker and James Nechvatal and James Foti and Lawrence Bassham and E. Roback and James Dray},
  title = {Advanced Encryption Standard (AES)},
  year = {2001},
  month = {2001-11-26},
  publisher = {Federal Inf. Process. Stds. (NIST FIPS), National Institute of Standards and Technology, Gaithersburg, MD},
  doi = {https://doi.org/10.6028/NIST.FIPS.197},
  language = {en},
}

@misc{uuid,
    author = {P. Leach and M. Mealling and R. Salz},
    title = {A Universally Unique IDentifier (UUID) URN Namespace},
    year = {2005},
    publisher = {The Internet Society}
}

@techreport{etsi014,
  author      = "ETSI Group",
  title       = "ETSI GS QKD 014 V1.1.1",
  institution = "ETSI",
  year        = "2019"
}

@techreport{etsi015,
  author      = "ETSI Group",
  title       = "ETSI GS QKD 015 V1.1.1",
  institution = "ETSI",
  year        = "2021"
}

@misc{json,
	series =	{Request for Comments},
	number =	8259,
	howpublished =	{RFC 8259},
	publisher =	{RFC Editor},
	doi =		{10.17487/RFC8259},
	url =		{https://www.rfc-editor.org/info/rfc8259},
    author =	{Tim Bray},
	title =		{{The JavaScript Object Notation (JSON) Data Interchange Format}},
	pagetotal =	16,
	year =		2017,
	month =		dec,
	abstract =	{JavaScript Object Notation (JSON) is a lightweight, text-based, language-independent data interchange format. It was derived from the ECMAScript Programming Language Standard. JSON defines a small set of formatting rules for the portable representation of structured data. This document removes inconsistencies with other specifications of JSON, repairs specification errors, and offers experience-based interoperability guidance.},
}

@misc{http,
	series =	{Request for Comments},
	number =	2616,
	howpublished =	{RFC 2616},
	publisher =	{RFC Editor},
	doi =		{10.17487/RFC2616},
	url =		{https://www.rfc-editor.org/info/rfc2616},
        author =	{Henrik Nielsen and Jeffrey Mogul and Larry M Masinter and Roy T. Fielding and Jim Gettys and Paul J. Leach and Tim Berners-Lee},
	title =		{{Hypertext Transfer Protocol -- HTTP/1.1}},
	pagetotal =	176,
	year =		1999,
	month =		jun,
	abstract =	{HTTP has been in use by the World-Wide Web global information initiative since 1990. This specification defines the protocol referred to as "HTTP/1.1", and is an update to RFC 2068. {[}STANDARDS-TRACK{]}},
}

@misc{base64,
	series =	{Request for Comments},
	number =	4648,
	howpublished =	{RFC 4648},
	publisher =	{RFC Editor},
	doi =		{10.17487/RFC4648},
	url =		{https://www.rfc-editor.org/info/rfc4648},
        author =	{Simon Josefsson},
	title =		{{The Base16, Base32, and Base64 Data Encodings}},
	pagetotal =	18,
	year =		2006,
	month =		oct,
	abstract =	{This document describes the commonly used base 64, base 32, and base 16 encoding schemes. It also discusses the use of line-feeds in encoded data, use of padding in encoded data, use of non-alphabet characters in encoded data, use of different encoding alphabets, and canonical encodings. {[}STANDARDS-TRACK{]}},
}

@misc{http_status_codes,
	series =	{Request for Comments},
	number =	2616,
	howpublished =	{RFC 2616},
	publisher =	{RFC Editor},
	doi =		{10.17487/RFC2616},
	url =		{https://www.rfc-editor.org/info/rfc2616},
        author =	{Henrik Nielsen and Jeffrey Mogul and Larry M Masinter and Roy T. Fielding and Jim Gettys and Paul J. Leach and Tim Berners-Lee},
	title =		{{Hypertext Transfer Protocol -- HTTP/1.1}},
	pagetotal =	176,
	year =		1999,
	month =		jun,
	abstract =	{HTTP has been in use by the World-Wide Web global information initiative since 1990. This specification defines the protocol referred to as "HTTP/1.1", and is an update to RFC 2068. {[}STANDARDS-TRACK{]}},
	pages = {57--71}
}

@misc{socket,
	series =	{Request for Comments},
	number =	147,
	howpublished =	{RFC 147},
	publisher =	{RFC Editor},
	doi =		{10.17487/RFC0147},
	url =		{https://www.rfc-editor.org/info/rfc147},
    author =	{J.M. Winett},
	title =		{{Definition of a socket}},
	pagetotal =	3,
	year =		1971,
	month =		may,
	abstract =	{},
}

@book{python,
 author = {Van Rossum, Guido and Drake, Fred L.},
 title = {Python 3 Reference Manual},
 year = {2009},
 isbn = {1441412697},
 publisher = {CreateSpace},
 address = {Scotts Valley, CA}
}

@misc{tcp,
	series =	{Request for Comments},
	number =	793,
	howpublished =	{RFC 793},
	publisher =	{RFC Editor},
	doi =		{10.17487/RFC0793},
	url =		{https://www.rfc-editor.org/info/rfc793},
        author =	{V. Cerf and B. Kahn},
	title =		{{Transmission Control Protocol}},
	pagetotal =	91,
	year =		1981,
	month =		sep,
	abstract =	{},
}

@misc{ip,
	series =	{Request for Comments},
	number =	791,
	howpublished =	{RFC 791},
	publisher =	{RFC Editor},
	doi =		{10.17487/RFC0791},
	url =		{https://www.rfc-editor.org/info/rfc791},
        author =	{V. Cerf and B. Kahn},
	title =		{{Internet Protocol}},
	pagetotal =	51,
	year =		1981,
	month =		sep,
	abstract =	{},
}

@misc{ph,
    author = {S. Pohlig and M. Hellman},
    title = {An improved algorithm for computing logarithms overGF(p)and its cryptographic significance},
    publisher = {IEEE Transactions on Information Theory},
    pages = {106--110},
    year = {1978},
    moth = {January},
    doi = {10.1109/TIT.1978.1055817},
}

@article{bb84,
    title = {Quantum cryptography: Public key distribution and coin tossing},
    journal = {Theoretical Computer Science},
    volume = {560},
    pages = {7-11},
    year = {2014},
    note = {Theoretical Aspects of Quantum Cryptography – celebrating 30 years of BB84},
    issn = {0304-3975},
    doi = {https://doi.org/10.1016/j.tcs.2014.05.025},
    url = {https://www.sciencedirect.com/science/article/pii/S0304397514004241},
    author = {Charles H. Bennett and Gilles Brassard}
}

@misc{gagliano,
    title = {Impact of Raman effect on integrated quantum-classical
communication systems},
    pages = {11--13},
    year = {2021},
    author = {Alessandro Gagliano},
}

@article{privacyamp,
    author = {Bennett, Charles H. and Brassard, Gilles and Robert, Jean-Marc},
    title = {Privacy Amplification by Public Discussion},
    year = {1988},
    issue_date = {April 1988},
    publisher = {Society for Industrial and Applied Mathematics},
    address = {USA},
    volume = {17},
    number = {2},
    issn = {0097-5397},
    url = {https://doi.org/10.1137/0217014},
    doi = {10.1137/0217014},
    journal = {SIAM J. Comput.},
    month = {apr},
    pages = {210–229},
    numpages = {20}
}